Número de Clientes, Nombre, Producto, Moneda, Saldo Inicial, Saldo en Libros, Retenidos y Diferidos, Saldo Disponible, Fecha, STBGAV, STBUNC, Mensaje1, Mensaje2, Mensaje3, Mensaje4, Mensaje5, Mensaje6 
3046, MAYAN GOLF CLUB,900019134, QTZ,2413264.05,2702549.74,0,2702549.74, 30/06/2023,2693294.88,0, , , , , ,  
,,,,,,,,,,,,,,,,
Detalle de Estado Bancario,,,,,,,,,,,,,,,,
Fecha de Transacción, Referencia de Transacción, Código de Transacción, Descripción de Transacción, Débito de Transacción, Crédito de Transacción, Balance de Transacción ,,,,,,,,,,
01/06/2023,477709681, DP, DEPOSITO MIXTO                ,0,4152.2,2417416.25,,,,,,,,,,
01/06/2023,562746695, L1, AFI31339090 LIQ31562746695    ,0,26.69,2417442.94,,,,,,,,,,
01/06/2023,562747357, L1, AFI31339090 LIQ31562747357    ,0,956.72,2418399.66,,,,,,,,,,
01/06/2023,562557973, L1, AFI31339006 LIQ31562557973    ,0,968.93,2419368.59,,,,,,,,,,
01/06/2023,25857, PR, PAGO GRUPO VICAL.             ,0,3200,2422568.59,,,,,,,,,,
02/06/2023,573357100, L1, AFI31339090 LIQ31573357100    ,0,57.64,2422626.23,,,,,,,,,,
02/06/2023,573358620, L1, AFI31339090 LIQ31573358620    ,0,343.2,2422969.43,,,,,,,,,,
03/06/2023,573509113, L1, AFI31339006 LIQ31573509113    ,0,1690.49,2424659.92,,,,,,,,,,
03/06/2023,583808062, L1, AFI31339006 LIQ31583808062    ,0,968.93,2425628.85,,,,,,,,,,
03/06/2023,583810989, L1, AFI31339111 LIQ31583810989    ,0,1303.12,2426931.97,,,,,,,,,,
03/06/2023,583813473, L1, AFI31339111 LIQ31583813473    ,0,44.77,2426976.74,,,,,,,,,,
03/06/2023,583817525, L1, AFI31339006 LIQ31583817525    ,0,3750.14,2430726.88,,,,,,,,,,
03/06/2023,583891865, L1, AFI31339103 LIQ31583891865    ,0,39.49,2430766.37,,,,,,,,,,
03/06/2023,583929889, L1, AFI31339090 LIQ31583929889    ,0,82.12,2430848.49,,,,,,,,,,
03/06/2023,583930038, L1, AFI31339090 LIQ31583930038    ,0,573.41,2431421.9,,,,,,,,,,
03/06/2023,584031096, L1, AFI31339006 LIQ31584031096    ,0,5358.18,2436780.08,,,,,,,,,,
04/06/2023,594082870, L1, AFI13645000 LIQ31594082870    ,0,5015.95,2441796.03,,,,,,,,,,
04/06/2023,594379759, L1, AFI31339103 LIQ31594379759    ,0,2208.88,2444004.91,,,,,,,,,,
04/06/2023,594322811, L1, AFI31339090 LIQ31594322811    ,0,1564.62,2445569.53,,,,,,,,,,
04/06/2023,594239043, L1, AFI31339111 LIQ31594239043    ,0,68.22,2445637.75,,,,,,,,,,
04/06/2023,594270722, L1, AFI31339006 LIQ31594270722    ,0,15502.86,2461140.61,,,,,,,,,,
04/06/2023,594336669, L1, AFI31339090 LIQ31594336669    ,0,15.98,2461156.59,,,,,,,,,,
06/06/2023,615570306, L1, AFI31339090 LIQ31615570306    ,0,1433.72,2462590.31,,,,,,,,,,
07/06/2023,626268555, L1, AFI31339090 LIQ31626268555    ,0,167.52,2462757.83,,,,,,,,,,
08/06/2023,636918884, L1, AFI31339006 LIQ31636918884    ,0,3080.5,2465838.33,,,,,,,,,,
08/06/2023,637191252, L1, AFI31339090 LIQ31637191252    ,0,737.56,2466575.89,,,,,,,,,,
08/06/2023,406407493, TF, TEF DE:MI LAE TECH GLOBAL S.A,0,14226.1,2480801.99,,,,,,,,,,
09/06/2023,647401301, L1, AFI13645000 LIQ31647401301    ,0,3136.64,2483938.63,,,,,,,,,,
09/06/2023,647937074, L1, AFI31339090 LIQ31647937074    ,0,279.83,2484218.46,,,,,,,,,,
09/06/2023,647552237, L1, AFI31339006 LIQ31647552237    ,0,3391.24,2487609.7,,,,,,,,,,
10/06/2023,658428740, L1, AFI31339111 LIQ31658428740    ,0,414.79,2488024.49,,,,,,,,,,
10/06/2023,658450754, L1, AFI31339006 LIQ31658450754    ,0,25620.83,2513645.32,,,,,,,,,,
10/06/2023,658458810, L1, AFI31339006 LIQ31658458810    ,0,40695,2554340.32,,,,,,,,,,
10/06/2023,658478225, L1, AFI31339103 LIQ31658478225    ,0,843.41,2555183.73,,,,,,,,,,
10/06/2023,658552174, L1, AFI31339090 LIQ31658552174    ,0,1164.95,2556348.68,,,,,,,,,,
10/06/2023,658553090, L1, AFI31339090 LIQ31658553090    ,0,1512.93,2557861.61,,,,,,,,,,
11/06/2023,658690178, L1, AFI31339006 LIQ31658690178    ,0,926.1,2558787.71,,,,,,,,,,
11/06/2023,668879546, L1, AFI31339111 LIQ31668879546    ,0,378.36,2559166.07,,,,,,,,,,
11/06/2023,668893514, L1, AFI31339006 LIQ31668893514    ,0,872.04,2560038.11,,,,,,,,,,
11/06/2023,668927257, L1, AFI31339103 LIQ31668927257    ,0,660.68,2560698.79,,,,,,,,,,
11/06/2023,668969766, L1, AFI31339090 LIQ31668969766    ,0,378.46,2561077.25,,,,,,,,,,
13/06/2023,680327940, L1, AFI31339090 LIQ31680327940    ,0,208.9,2561286.15,,,,,,,,,,
14/06/2023,690784443, L1, AFI31339111 LIQ31690784443    ,0,49.03,2561335.18,,,,,,,,,,
14/06/2023,690965936, L1, AFI31339090 LIQ31690965936    ,0,126.84,2561462.02,,,,,,,,,,
15/06/2023,701503972, L1, AFI31339030 LIQ31701503972    ,0,19252.61,2580714.63,,,,,,,,,,
15/06/2023,26125, PR, PAGO GRUPO VICAL.             ,0,3200,2583914.63,,,,,,,,,,
16/06/2023,712228582, L1, AFI31339090 LIQ31712228582    ,0,33.03,2583947.66,,,,,,,,,,
16/06/2023,712228906, L1, AFI31339090 LIQ31712228906    ,0,714.11,2584661.77,,,,,,,,,,
16/06/2023,712251720, L1, AFI31339090 LIQ31712251720    ,0,555.2,2585216.97,,,,,,,,,,
16/06/2023,711887264, L1, AFI31339090 LIQ31711887264    ,0,677.87,2585894.84,,,,,,,,,,
17/06/2023,722701979, L1, AFI31339111 LIQ31722701979    ,0,154.54,2586049.38,,,,,,,,,,
17/06/2023,722769549, L1, AFI31339090 LIQ31722769549    ,0,358.12,2586407.5,,,,,,,,,,
18/06/2023,733151717, L1, AFI31339111 LIQ31733151717    ,0,278.19,2586685.69,,,,,,,,,,
18/06/2023,733171947, L1, AFI31339006 LIQ31733171947    ,0,1453.39,2588139.08,,,,,,,,,,
18/06/2023,733233594, L1, AFI31339090 LIQ31733233594    ,0,655.48,2588794.56,,,,,,,,,,
18/06/2023,733234116, L1, AFI31339103 LIQ31733234116    ,0,3585.51,2592380.07,,,,,,,,,,
19/06/2023,611405995, DP, DEPOSITO MIXTO                ,0,3604.8,2595984.87,,,,,,,,,,
19/06/2023,612408171, DP, DEPOSITO MIXTO                ,0,3721.8,2599706.67,,,,,,,,,,
19/06/2023,406409798, TF, TEF DE:JEONGYEE KIM           ,0,400,2600106.67,,,,,,,,,,
20/06/2023,612408299, DP, DEPOSITO MIXTO                ,0,1050,2601156.67,,,,,,,,,,
20/06/2023,754071675, L1, AFI13645000 LIQ31754071675    ,0,3412.18,2604568.85,,,,,,,,,,
20/06/2023,754223890, L1, AFI31339006 LIQ31754223890    ,0,2034.66,2606603.51,,,,,,,,,,
20/06/2023,754488509, L1, AFI31339090 LIQ31754488509    ,0,233.41,2606836.92,,,,,,,,,,
20/06/2023,406402809, TF, TEF DE:TOURGTSOCIEDAD ANONIMA,0,1600,2608436.92,,,,,,,,,,
21/06/2023,765089240, L1, AFI31339090 LIQ31765089240    ,0,79.94,2608516.86,,,,,,,,,,
22/06/2023,775748110, L1, AFI31339090 LIQ31775748110    ,0,306.96,2608823.82,,,,,,,,,,
23/06/2023,477703338, DP, DEPOSITO MIXTO                ,0,3813,2612636.82,,,,,,,,,,
23/06/2023,775878382, L1, AFI31339006 LIQ31775878382    ,0,4885.73,2617522.55,,,,,,,,,,
23/06/2023,786182002, L1, AFI31339111 LIQ31786182002    ,0,145.73,2617668.28,,,,,,,,,,
23/06/2023,786317340, L1, AFI31339090 LIQ31786317340    ,0,1810.83,2619479.11,,,,,,,,,,
24/06/2023,796740380, L1, AFI31339006 LIQ31796740380    ,0,4082.39,2623561.5,,,,,,,,,,
24/06/2023,796749680, L1, AFI31339111 LIQ31796749680    ,0,419.93,2623981.43,,,,,,,,,,
24/06/2023,796814910, L1, AFI31339090 LIQ31796814910    ,0,1272.59,2625254.02,,,,,,,,,,
24/06/2023,796564620, L1, AFI31339090 LIQ31796564620    ,0,1220.24,2626474.26,,,,,,,,,,
25/06/2023,807122463, L1, AFI31339006 LIQ31807122463    ,0,1937.86,2628412.12,,,,,,,,,,
25/06/2023,807130210, L1, AFI31339111 LIQ31807130210    ,0,885.31,2629297.43,,,,,,,,,,
25/06/2023,807162309, L1, AFI31339090 LIQ31807162309    ,0,53.29,2629350.72,,,,,,,,,,
27/06/2023,828352450, L1, AFI31339090 LIQ31828352450    ,0,172.66,2629523.38,,,,,,,,,,
27/06/2023,406401417, TF, TEF DE:DIEGO GARCIA BELLAMY   ,0,400,2629923.38,,,,,,,,,,
28/06/2023,838554094, L1, AFI13645000 LIQ31838554094    ,0,2145.89,2632069.27,,,,,,,,,,
28/06/2023,838965060, L1, AFI31339090 LIQ31838965060    ,0,730.09,2632799.36,,,,,,,,,,
28/06/2023,406406256, TF, TEF DE:AGN INTERNATIONAL DE GU,0,400,2633199.36,,,,,,,,,,
29/06/2023,849167335, L1, AFI13645000 LIQ31849167335    ,0,2053.74,2635253.1,,,,,,,,,,
29/06/2023,849633247, L1, AFI31339090 LIQ31849633247    ,0,1432.91,2636686.01,,,,,,,,,,
29/06/2023,849345292, L1, AFI31339030 LIQ31849345292    ,0,35472.18,2672158.19,,,,,,,,,,
29/06/2023,849428260, L1, AFI31339006 LIQ31849428260    ,0,775.14,2672933.33,,,,,,,,,,
30/06/2023,859820428, L1, AFI31339006 LIQ31859820428    ,0,5361.57,2678294.9,,,,,,,,,,
30/06/2023,850043488, L1, AFI31339006 LIQ31850043488    ,0,4520.24,2682815.14,,,,,,,,,,
30/06/2023,63065057, 3O, INTERESES                     ,0,315.72,2683130.86,,,,,,,,,,
30/06/2023,63065058, 3Q, RETENCION IMPUESTO DEFINITIVO ,31.57,0,2683099.29,,,,,,,,,,
,,,,,,,,,,,,,,,,
Resumen de Estado Bancario,,,,,,,,,,,,,,,,
Código Transacción Totales , Cantidad Débitos Totales, Montos Débitos Totales, Cantidad Créditos Totales, Montos Créditos Totales ,,,,,,,,,,,,
DP,0,0,5,16341.8,,,,,,,,,,,,
L1,0,0,76,229783.19,,,,,,,,,,,,
PR,0,0,2,6400,,,,,,,,,,,,
TF,0,0,5,17026.1,,,,,,,,,,,,
3O,0,0,1,315.72,,,,,,,,,,,,
3Q,1,31.57,0,0,,,,,,,,,,,,
Total,1,31.57,89,269866.81,,,,,,,,,,,,
